@STRING{LNCS = {Lecture Notes in Computer Science}}

@STRING{SV = {Springer}}

@INPROCEEDINGS{AG01,
  author = {Akkar, Mehdi-Laurent and C. Giraud},
  title = {{An Implementation of DES and AES, Secure against Some Attacks}},
  pages = {309--318},
  crossref = {CHES01}
}

@PROCEEDINGS{CHES01,
  title = {Cryptographic Hardware and Embedded Systems -- CHES 2001},
  year = {2001},
  editor = {Ko\c{c}, {\c{C}}.K. and D. Naccache and C. Paar},
  volume = {2162},
  series = LNCS,
  publisher = SV,
  booktitle = {Cryptographic Hardware and Embedded Systems -- CHES 2001}
}

@INPROCEEDINGS{FMPR10,
  author = {Guillaume Fumaroli and Ange Martinelli and Emmanuel Prouff and Matthieu
	Rivain},
  title = {{A}ffine {M}asking against {H}igher-{O}rder {S}ide {C}hannel {A}nalysis},
  booktitle = {Selected Areas in Cryptography},
  year = {2010},
  pages = {262-280},
  bibsource = {DBLP, http://dblp.uni-trier.de},
  ee = {http://dx.doi.org/10.1007/978-3-642-19574-7_18}
}

@inproceedings{Wil01,
  author    = {Manfred von Willich},
  title     = {A Technique with an Information-Theoretic Basis for Protecting
               Secret Data from Differential Power Attacks},
  booktitle = {IMA Int. Conf.},
  year      = {2001},
  pages     = {44-62},
  ee        = {http://dx.doi.org/10.1007/3-540-45325-3_6},
  crossref  = {IMA01},
  bibsource = {DBLP, http://dblp.uni-trier.de}
}

@proceedings{IMA01,
  editor    = {Bahram Honary},
  title     = {Cryptography and Coding, 8th IMA International Conference,
               Cirencester, UK, December 17-19, 2001, Proceedings},
  booktitle = {IMA Int. Conf.},
  publisher = {Springer},
  series    = {Lecture Notes in Computer Science},
  volume    = {2260},
  year      = {2001},
  isbn      = {3-540-43026-1},
  bibsource = {DBLP, http://dblp.uni-trier.de}
}

@inproceedings{RPD09,
  author    = {Matthieu Rivain and
               Emmanuel Prouff and
               Julien Doget},
  title     = {{Higher-Order Masking and Shuffling for Software Implementations
               of Block Ciphers}},
  pages     = {171--188},
  crossref  = {CHES09},
}

@PROCEEDINGS{CHES09,
  title = {Cryptographic Hardware and Embedded Systems - CHES 2009, 11th International
	Workshop, Lausanne, Switzerland, September 6-9, 2009, Proceedings},
  year = {2009},
  editor = {Christophe Clavier and Kris Gaj},
  volume = {5747},
  series = {Lecture Notes in Computer Science},
  publisher = {Springer},
  bibsource = {DBLP, http://dblp.uni-trier.de},
  booktitle = {CHES},
  ee = {http://dx.doi.org/10.1007/978-3-642-04138-9},
  isbn = {978-3-642-04137-2}
}

@INPROCEEDINGS{CJRR99,
  author = {S. Chari and C.S. Jutla and J.R. Rao and P. Rohatgi},
  title = {{Towards Sound Approaches to Counteract Power-Analysis Attacks}},
  pages = {398--412},
  crossref = {CRYPTO99}
}


@PROCEEDINGS{CRYPTO99,
  title = {Advances in Cryptology -- CRYPTO '99},
  year = {1999},
  editor = {M.J. Wiener},
  volume = {1666},
  series = LNCS,
  publisher = SV,
  booktitle = {Advances in Cryptology -- CRYPTO '99}
}